can International Conference on Artificial Intelligence (MICAI 2014) --- Special Session},
  pages = {45--51},
    publisher = {IEEE Computer Society},
      ISBN = {978-1-4799-9900-2},
        DOI = {10.1109/MICAI.2014.13}
	}

@misc{python,
  author = {{Python Software Foundation}},
    year = 2021,
      title = {python},
        url = {https://www.python.org/}
	}

